@book{bollen1989structural,
  title={{Structural equations with latent variables}},
  author={Bollen, K.A. and Bollen, K.A.},
  isbn={0471011711},
  year={1989},
  publisher={Wiley New York}
}

@article{neudecker1991linear,
  title={{Linear structural relations: Gradient and Hessian of the fitting function}},
  author={Neudecker, H. and Satorra, A.},
  journal={Statistics \& Probability Letters},
  volume={11},
  number={1},
  pages={57--61},
  issn={0167-7152},
  year={1991},
  publisher={Elsevier}
}

@article{magnus1988matrix,
  title={{Matrix differential calculus with applications in statistics and econometrics}},
  author={Magnus, J.R. and Neudecker, H.},
  year={1988},
  publisher={Wiley}
}

@article{muthen1995complex,
  title={{Complex sample data in structural equation modeling}},
  author={Muthen, B.O. and Satorra, A.},
  journal={Sociological methodology},
  volume={25},
  pages={267--316},
  issn={0081-1750},
  year={1995},
  publisher={Blackwell Publishers}
}

@article{muthen1984general,
  title={{A general structural equation model with dichotomous, ordered categorical, and continuous latent variable indicators}},
  author={Muth{\'e}n, B.},
  journal={Psychometrika},
  volume={49},
  number={1},
  pages={115--132},
  issn={0033-3123},
  year={1984},
  publisher={Springer}
}
@article{muthen2002beyond,
  title={{Beyond SEM: General latent variable modeling}},
  author={Muth{\'e}n, B.O.},
  journal={Behaviormetrika},
  volume={29},
  number={1; ISSU 51},
  pages={81--118},
  issn={0385-7417},
  year={2002},
  publisher={JAPAN PUBLICATIONS TRADING CO., LTD.}
}

@article{magnus1986symmetry,
  title={{Symmetry, 0-1 matrices and Jacobians: A review}},
  author={Magnus, J.R. and Neudecker, H.},
  journal={Econometric Theory},
  volume={2},
  number={02},
  pages={157--190},
  issn={1469-4360},
  year={1986},
  publisher={Cambridge Univ Press}
}


